<?xml version="1.0" encoding="UTF-8"?><collection xmlns="http://www.loc.gov/MARC21/slim"><record><leader>00925nam--2200193-i-4500</leader><controlfield tag="001">000043882</controlfield><controlfield tag="002">20161230</controlfield><controlfield tag="005">20161230201044</controlfield><controlfield tag="008">060222s1000------------r-----000-0-eng-d</controlfield><datafield ind1=" " ind2=" " tag="040"><subfield code="a">IFIN-HH</subfield></datafield><datafield ind1=" " ind2=" " tag="080"><subfield code="a">539.12.162.8(042.4)</subfield></datafield><datafield ind1="1" ind2=" " tag="100"><subfield code="a">Zichichi, A</subfield></datafield><datafield ind1="1" ind2="0" tag="245"><subfield code="a">Theory and phenomenology in particle physics volume 6: 1968 course. developments and applications of curret and field algebrs - chiral symmetries - quark and cp models - reggeology in hadronic and semi-hadronic processes - poles and multipoles - and relatED TOPICS</subfield><subfield code="b">1968 international school of physics ettore majorana a mpi-nato advanced study institute sponsored by cern and the weizmann institute of science erice, july 13-28</subfield><subfield code="c">A. zichichi (ed.)</subfield></datafield><datafield ind1=" " ind2=" " tag="260"><subfield code="a">New York</subfield><subfield code="b">Academic Press</subfield><subfield code="c">1969</subfield></datafield><datafield ind1=" " ind2=" " tag="300"><subfield code="a">2 VOLUME</subfield></datafield><datafield ind1=" " ind2=" " tag="490"><subfield code="a">The Subnuclear Series</subfield></datafield><datafield ind1="1" ind2=" " tag="787"><subfield code="a">Volume 6 Part B</subfield><subfield code="h">/315p./+799p</subfield></datafield><datafield ind1=" " ind2=" " tag="852"><subfield code="a">45631</subfield><subfield code="c">539.12</subfield></datafield><datafield ind1=" " ind2=" " tag="CAT"><subfield code="a">Sys</subfield><subfield code="c">20111130</subfield><subfield code="h">101450</subfield></datafield></record></collection>